\RequirePackage{filecontents}
\begin{filecontents}{IATtesi.bib}
% A % 
@book{andrich,
  title={{A Course in Rasch Measurement Theory}},
  subtitle = {{Measuring in the Educational, Social and Health Sciences}},
  author={Andrich, David and Marais, Ida},
  year={2019},
  publisher={Springer}, 
  address = {Singapore, Singapore}
}
@article{agosta2011,
  title={{Detecting fakers of the autobiographical IAT}},
  author={Agosta, Sara and Ghirardi, Valentina and Zogmaister, Cristina and Castiello, Umberto and Sartori, Giuseppe},
  journal={Applied Cognitive Psychology},
  volume={25},
  number={2},
  pages={299--306},
  year={2011},
  publisher={Wiley Online Library}, 
 doi={10.1002/acp.1691}
}
@article{alps,
  title={{Perceptual other-race training reduces implicit racial bias}},
  author={Lebrecht, Sophie and Pierce, Lara J and Tarr, Michael J and Tanaka, James W},
  journal={PloS One},
  volume={4},
  number={1},
  pages={e4215},
  year={2009},
  publisher={Public Library of Science}, 
doi = {10.1371/journal.pone.0004215}
}
@article{Anselmi2011,
author = {Anselmi, Pasquale and Vianello, Michelangelo and Robusto, Egidio},
doi = {10.1027/1618-3169/a000106},
journal = {Experimental Psychology},
keywords = {Rasch models,Implicit Association Test,Implicit prejudice,Positive associations primacy},
number = {5},
pages = {376--384},
pmid = {21592938},
title = {{Positive associations primacy in the IAT : A Many-Facet Rasch Measurement analysis}},
volume = {58},
year = {2011}
}
@article{anselmi2013,
  title={{Implicit sexual attitude of heterosexual, gay and bisexual individuals: Disentangling the contribution of specific associations to the overall measure}},
  author={Anselmi, Pasquale and Vianello, Michelangelo and Voci, Alberto and Robusto, Egidio},
  journal={Plos One},
  volume={8},
  number={11},
  pages={e78990},
  year={2013},
doi={10.1371/journal.pone.0078990},
  publisher={Public Library of Science}
}
@article{anselmi2013a,
  title={{Preferring thin people does not imply derogating fat people. A Rasch analysis of the implicit weight attitude}},
  author={Anselmi, Pasquale and Vianello, Michelangelo and Robusto, Egidio},
  journal={Obesity},
  volume={21},
  number={2},
  pages={261--265},
  year={2013},
doi = {10.1002/oby.20085},
  publisher={Wiley Online Library}
}
% B
@article{4plbarton,
  title={An upper asymptote for the three-parameter logistic item-response model},
  author={Barton, Mark A and Lord, Frederic M},
  journal={ETS Research Report Series},
  volume={1981},
  number={1},
  pages={i--8},
  year={1981},
  publisher={Wiley Online Library}, 
  doi = {10.1002/j.2333-8504.1981.tb01255.x}
}
@incollection{birnbaum1968,
  title={Some latent trait models and their use in inferring an examinee's ability},
  author={Birnbaum, A},
  booktitle={Statistical theories of mental test scores},
  editor ={Lord, F M and Novick, R},
  year={1968},
  publisher={Addison-Wesley Publishing}, 
  address = {Reading:MA}
}
@article{brownstein2019,
  title={What do implicit measures measure?},
  author={Brownstein, Michael and Madva, Alex and Gawronski, Bertram},
  journal={Wiley Interdisciplinary Reviews: Cognitive Science},
  volume={10},
  number={5},
  pages={e1501},
  year={2019},
  publisher={Wiley Online Library}, 
  doi = {10.1002/wcs.1501}
}
@article{bigfive,
  title={{The ``Big Five Questionnaire'': A new questionnaire to assess the five factor model}},
  author={Caprara, Gian Vittorio and Barbaranelli, Claudio and Borgogni, Laura and Perugini, Marco},
  journal={Personality and Individual Differences},
  volume={15},
  number={3},
  pages={281--288},
  year={1993},
  publisher={Elsevier},
  doi = {10.1016/0191-8869(93)90218-R}
}
@article{spf,
  title={{The Sorting Paired Features Task: A measure of association strengths}},
  author={Bar-Anan, Yoav and Nosek, Brian A and Vianello, Michelangelo},
  journal={Experimental Psychology},
  volume={56},
  number={5},
  pages={329--343},
  year={2009},
  publisher={Hogrefe \& Huber Publishers}, 
  doi = {10.1027/1618-3169.56.5.329}
  }
  @book{baker2017,
  title={{The basics of Item Response Theory using R}},
  author={Baker, Frank B and Kim, Seock-Ho},
  year={2017},
  publisher={Springer}
}
@article{barnes2006,
  title={Do you really know what you believe? Developing the Implicit Relational Assessment Procedure (IRAP) as a direct measure of implicit beliefs},
  author={Barnes-Holmes, Dermot and Barnes-Holmes, Yvonne and Power, Patricia and Hayden, Eilish and Milne, Rebecca and Stewart, Ian},
  journal={The Irish Psychologist},
  volume={32},
  number={7},
  pages={169--177},
  year={2006}
}
@article{Barr2013,
author = {Barr, Dale J. and Levy, Roger and Scheepers, Christoph and Tily, Harrying J.},
doi = {10.1016/j.jml.2012.11.001},
eprint = {1207.1916},
journal = {Journal of Memory and Language},
keywords = {Generalization,Linear mixed-effects models,Monte Carlo simulation,Statistics},
number = {3},
pages = {255--278},
pmid = {24403724},
title = {{Random effects structure for confirmatory hypothesis testing: Keep it maximal}},
volume = {44},
year = {2013}
}
@article{Bates2015,
  title={Parsimonious mixed models},
  author={Bates, Douglas and Kliegl, Reinhold and Vasishth, Shravan and Baayen, Harald},
  journal={arXiv preprint arXiv:1506.04967},
  year={2015}
}
@article{Baayen2008,
author = {Baayen, R. H. and Davidson, D. J. and Bates, D. M.},
doi = {10.1016/j.jml.2007.12.005},
journal = {Journal of Memory and Language},
keywords = {By-item,By-subject,Crossed random effects,Mixed-effects models,Quasi-F},
number = {4},
pages = {390--412},
pmid = {261651700003},
publisher = {Elsevier Inc.},
title = {{Mixed-effects modeling with crossed random effects for subjects and items}},
volume = {59},
year = {2008}
}
@article{bar2014,
  title={{A comparative investigation of seven indirect attitude measures}},
  author={Bar-Anan, Yoav and Nosek, Brian A},
  journal={Behavior Research Methods},
  volume={46},
  number={3},
  pages={668--688},
  year={2014},
  publisher={Springer}, 
  doi = {10.3758/s13428-013-0410-6}
}
@article{biat,
  title={{The Brief Implicit Association Test}},
  author={Sriram, Natarajan and Greenwald, Anthony G},
  journal={Experimental psychology},
  volume={56},
  number={4},
  pages={283--294},
  year={2009},
  publisher={Hogrefe \& Huber Publishers}, 
 doi ={10.1027/1618-3169.56.4.283}
}
@article{bluemke2006,
  title={{Do features of stimuli influence IAT effects?}},
  author={Bluemke, Matthias and Friese, Malte},
  journal={Journal of Experimental Social Psychology},
  volume={42},
  number={2},
  pages={163--176},
  year={2006},
  publisher={Elsevier}, 
doi = {10.1016/j.jesp.2005.03.004}
}
@article{brauer2017,
  title={Linear mixed-effects models and the analysis of nonindependent data: A unified framework to analyze categorical and continuous independent variables that vary within-subjects and/or within-items.},
  author={Brauer, Markus and Curtin, John J},
  year={2017},
  journal={Psychological Methods}, 
 volume={23},
  number={3},
  pages={389-411},
  publisher={American Psychological Association},
doi={10.1037/met0000159}
}
@article{bulmer2018implicit,
  title={Implicit and explicit attitudes toward sex and romance in asexuals},
  author={Bulmer, Maria and Izuma, Keise},
  journal={The Journal of Sex Research},
  volume={55},
  number={8},
  pages={962--974},
  year={2018},
  publisher={Taylor \& Francis}, 
doi = {10.1080/00224499.2017.1303438}
}
 % C
 @article{colfis,
author = {Bambini, Valentina and Trevisan, Marco},
title = {Un’interfaccia Web per ricerche sul Corpus e Lessico di Frequenza dell’Italiano Scritto},
year ={2012},
journal= {{Quaderni del Laboratorio di Linguistica della Scuola Normale Superiore}},
url = \url{http://linguistica.sns.it/esploracolfis/home.htm}, 
volume={11}, 
pages={1--16}
}

@article{cfiat,
  title={The category-focus implicit association test.},
  author={Siebler, Frank and Gonz{\'a}lez, Roberto and Ord{\'o}{\~n}ez, Gabriela and Bohner, Gerd and Haye, Andr{\'e}s and Sirlop{\'u}, David and Millar, Andres and de Tezanos-Pinto, Pablo and Torres, David},
  journal={Social Psychology},
  volume={41},
  number={2},
  pages={105},
  year={2010},
  publisher={Hogrefe Publishing}
}
@article{Conrey2005,
author = {Conrey, F.R. and Gawronski, B. and Sherman, J.W. and Hugenberg, K. and Groom, C.J.},
doi = {10.1037/0022-3514.89.4.469},
journal = {Journal of Personality and Social Psychology},
keywords = {automaticity,controlled processing In,implicit measures,multinomial model,process dissociation},
number = {4},
pages = {469--487},
title = {{Separating multiple processes in implicit social cognition: The quad model of implicit task performance}},
volume = {89},
year = {2005}
}
% D
@article{dasgupta2000,
  title={Automatic preference for White Americans: Eliminating the familiarity explanation},
  author={Dasgupta, Nilanjana and McGhee, Debbie E and Greenwald, Anthony G and Banaji, Mahzarin R},
  journal={Journal of Experimental Social Psychology},
  volume={36},
  number={3},
  pages={316--328},
  year={2000},
  publisher={Academic Press}
}
@article{DeBoeck2011,
author = {{De Boeck}, Paul and Bakker, Marjan and Zwitser, Robert and Nivard, Michel and Hofman, Abe and Tuerlinckx, Francis and Partchev, Ivailo},
keywords = {generalized linear mixed models,item covariates,item response models,multidimensional IRT,person covariates},
number = {12},
title = {{The Estimation of Item Response Models with the lmer Function from the lme4 Package in R}},
volume = {39},
pages={1--28},
year = {2011}, 
journal = {Journal of Statistical Software}
}
@book{deboeck,
  title={Explanatory Item Response Models: A generalized linear and nonlinear approach},
  author={De Boeck, Paul and Wilson, Mark},
  year={2004},
  publisher={Springer Science \& Business Media}
}
@article{dvat,
  title={Facial and semantic emotional interference: a pilot study on the behavioral and cortical responses to the Dual Valence Association Task},
  author={Ib{\'a}{\~n}ez, Agust{\'\i}n and Hurtado, Esteban and Riveros, Rodrigo and Urquina, Hugo and Cardona, Juan F and Petroni, Agust{\'\i}n and Lobos-Infante, Alejandro and Barutta, Joaquin and Baez, Sandra and Manes, Facundo},
  journal={Behavioral and Brain Functions},
  volume={7},
  number={1},
  pages={8},
  year={2011},
  publisher={BioMed Central}
}
@article{east,
  title={A structural and process analysis of the Implicit Association Test},
  author={De Houwer, Jan},
  journal={Journal of Experimental Social Psychology},
  volume={37},
  number={6},
  pages={443--451},
  year={2001},
  publisher={Elsevier}, 
 doi = {10.1006/jesp.2000.1464}
}
@article{devine1989,
  title={Stereotypes and prejudice: Their automatic and controlled components.},
  author={Devine, Patricia G},
  journal={Journal of Personality and Social Psychology},
  volume={56},
  number={1},
  pages={5},
  year={1989},
  publisher={American Psychological Association}, 
  doi = {10.1037/0022-3514.56.1.5}
}
@article{Doran2007,
author = {Doran, Harold and Bates, Douglas and Bliese, Paul and Dowling, Maritza},
doi = {10.1111/j.1467-9868.2007.00600.x},
journal = {Journal of Statistical Software},
keywords = {generalized linear mixed models,item response theory,sparse matrix techniques},
number = {2},
pages = {1--18},
title = {{Estimating the Multilevel Rasch Model with the lme4 package}},
volume = {20},
year = {2007}
}
@article{dscoreapp,
	journal = {Journal of Open Source Software},
	doi = {10.21105/joss.01764},
	issn = {2475-9066},
	number = {42},
	publisher = {The Open Journal},
	title = {DscoreApp: An user-friendly web application for computing the Implicit Association Test D-score},
	volume = {4},
	author = {Epifania, Ottavia M and Anselmi, Pasquale and Robusto, Egidio},
	pages = {1764},
	date = {2019},
	year = {2019}
}
@ARTICLE{ shinyfront,
doi = {10.3389/fpsyg.2019.02938},
  
AUTHOR={Epifania, Ottavia M. and Anselmi, Pasquale and Robusto, Egidio},   
	 
TITLE= {{DscoreApp: A Shiny Web Application for the Computation of the Implicit Association Test \emph{D} Score}},      
	
JOURNAL={Frontiers in Psychology},      
	
VOLUME={10},      

PAGES={2938},     
	
YEAR={2020},      
	  
URL={https://www.frontiersin.org/article/10.3389/fpsyg.2019.02938},       
	
DOI={10.3389/fpsyg.2019.02938},      
	
ISSN={1664-1078}
}
@article{dovidio2002,
  title={Implicit and explicit prejudice and interracial interaction.},
  author={Dovidio, John F and Kawakami, Kerry and Gaertner, Samuel L},
  journal={Journal of Personality and Social Psychology},
  volume={82},
  number={1},
  pages={62},
  year={2002},
  publisher={American Psychological Association}. 
  doi = {10.1037//0022-3514.82.1.62}
}
@BOOK{dehower2006,
author={Houwer, J.},
title={What are implicit measures and why are we using them?},
journal={Handbook of Implicit Cognition and Addiction},
year={2005},
pages={11-28},
doi={10.4135/9781412976237.n2},
note={cited By 270},
url={https://www.scopus.com/inward/record.uri?eid=2-s2.0-84951046408&doi=10.4135%2f9781412976237.n2&partnerID=40&md5=5c2c8eb1764366673448f527a47ff692},
document_type={Book Chapter},
source={Scopus},
}
@book{demars,
  title={Item Response Theory},
subtitle ={Understanding Statistics Measurement},
  author={DeMars, Christine},
  Publisher={Oxford University Press},
  year={2010},
  address =  {New York, NY}
}
% E
@article{fairer, 
title = {{A fairer comparison between the Implicit Association Test and the Single Category Implicit Association Test}}, 
author = {Epifania, Ottavia M and Anselmi, Pasquale and Robusto, Egidio}, 
year = {2020}, 
journal={Testing, Psychometrics, Methodology in Applied Psychology},
volume =  {27},
number = {2},
pages = {207--220},
doi = {10.4473/TPM27.2.4}
}
@article{rgm, 
title = {{Rasch gone mixed: A mixed model approach to the Implicit Association Test}}, 
author = {Epifania, Ottavia M.  and Robusto, Egidio and Anselmi, Pasquale}, 
year = {2020}, 
journal={Testing, Psychometrics, Methodology in Applied Psychology}, 
note = {in press}, 
url = {https://advance.sagepub.com/articles/preprint/Rasch_gone_mixed_A_mixed_model_approach_to_the_Implicit_Association_Test/13227713}
}
@article{filling, 
title = {{Filling the gap between implicit and behavior: A Rasch modeling of the Implicit Association Test}}, 
author = {Epifania, Ottavia M.  and Robusto, Egidio and Anselmi, Pasquale}, 
year = {2020}, 
note = {submitted}, 
journal = {Social Psychological and Personality Science}
}
@article{Epifania2020,
author = {Epifania, Ottavia M.  and Robusto, Egidio and Anselmi, Pasquale}, 
title = {{Implicit social cognition through years: The Implicit Association Test at age 21}},
year = "2020",
note = {submitted}, 
url = "https://advance.sagepub.com/articles/preprint/Implicit_social_cognition_through_years_The_Implicit_Association_Test_at_age_21/11914416",
journal = {Psychology of Consciousness: Theory, Research, and Practice}
}
@article{ept,
  title={On the automatic activation of attitudes.},
  author={Fazio, Russell H and Sanbonmatsu, David M and Powell, Martha C and Kardes, Frank R},
  journal={Journal of Personality and Social Psychology},
  volume={50},
  number={2},
  pages={229},
  year={1986},
  publisher={American Psychological Association}, 
doi = {10.1037/0022-3514.50.2.229}
}
@article{ellithorpe2015,
  title={Preparation and analyses of implicit attitude measures: Challenges, pitfalls, and recommendations},
  author={Ellithorpe, Morgan E and Ewoldsen, David R and Velez, John A},
  journal={Communication Methods and Measures},
  volume={9},
  number={4},
  pages={233--252},
  year={2015},
  publisher={Taylor \& Francis}, 
doi = {10.1080/19312458.2015.1096330}
}
% F
@article{fazio1995variability,
  title={{Variability in automatic activation as an unobtrusive measure of racial attitudes: A bona fide pipeline?}},
  author={Fazio, Russell H and Jackson, Joni R and Dunton, Bridget C and Williams, Carol J},
  journal={Journal of Personality and Social Psychology},
  volume={69},
  number={6},
  pages={1013},
  year={1995},
  publisher={American Psychological Association}, 
 doi ={10.1037/0022-3514.69.6.1013}
}

@book{faraway2006,
  title={Extending the linear model with {R}. },
subtitle ={Generalized Linear, Mixed Effects and Nonparametric Regression Models},
  author={Faraway, Julian J},
  Publisher={CRC Press},
  year={2016},
 edition = {2},
  address =  {Boca Raton; Florida}
}

@article{fast,
  title={The Function Acquisition Speed Test (FAST): A behavior analytic implicit test for assessing stimulus relations},
  author={O’Reilly, Anthony and Roche, Bryan and Ruiz, Maria and Tyndall, Ian and Gavin, Amanda},
  journal={The Psychological Record},
  volume={62},
  number={3},
  pages={507--528},
  year={2012},
  publisher={Springer}, 
doi = {10.1007/BF03395817}
}
@article{fazio2003,
  title={{Implicit measures in social cognition research: Their meaning and use}},
  author={Fazio, Russell H and Olson, Michael A},
  journal={Annual Review of Psychology},
  volume={54},
  number={1},
  pages={297--327},
  year={2003},
  doi = {10.1146/annurev.psych.54.101601.145225},
  publisher={Annual Reviews 4139 El Camino Way, PO Box 10139, Palo Alto, CA 94303-0139, USA}
}
@article{fiske2002,
  title={A model of (often mixed) stereotype content: Competence and warmth respectively follow from perceived status and competition},
  author={Fiske, Susan T and Cuddy, Amy JC and Glick, Peter and Xu, Jun},
  journal={Journal of Personality and Social Psychology},
  volume={82},
  number={6},
  pages={878--902},
  year={2002},
doi ={10.1037/0022-3514.82.6.878}
}
@article{fiedler2006,
  title={{Unresolved problems with the ``I'', the ``A'', and the ``T'': A logical and psychometric critique of the Implicit Association Test (IAT)}},
  author={Fiedler, Klaus and Messner, Claude and Bluemke, Matthias},
  journal={European Review of Social Psychology},
  volume={17},
  number={1},
  pages={74--147},
  year={2006},
  publisher={Taylor \& Francis}, 
doi ={10.1080/10463280600681248}
}
% G %
@article{gaw2017,
  title={Temporal stability of implicit and explicit measures: A longitudinal analysis},
  author={Gawronski, Bertram and Morrison, Mike and Phills, Curtis E and Galdi, Silvia},
  journal={Personality and Social Psychology Bulletin},
  volume={43},
  number={3},
  pages={300--312},
  year={2017},
  publisher={Sage Publications Sage CA: Los Angeles, CA}, 
doi ={10.1177/0146167216684131}
}
@book{Gelman2007,
author = {Gelman, Andrew and Hill, Jennifer},
isbn = {0-521-86706-1},
Publisher = {Cambridge Unversity Press},
title = {{Data Analysis Using Regression and Multilevel Hierarchical Models}},
address={Cambridge},
year = {2007}
}
  @Book{ggplot2,
    author = {Hadley Wickham},
    title = {ggplot2: Elegant Graphics for Data Analysis},
    publisher = {Springer-Verlag New York},
    year = {2016},
    isbn = {978-3-319-24277-4},
    url = {https://ggplot2.tidyverse.org},
  }
@article{glashouwer2013low,
  title={Low implicit self-esteem and dysfunctional automatic associations in social anxiety disorder},
  author={Glashouwer, Klaske A and Vroling, Maartje S and de Jong, Peter J and Lange, Wolf-Gero and de Keijser, Jos},
  journal={Journal of Behavior Therapy and Experimental Psychiatry},
  volume={44},
  number={2},
  pages={262--270},
  year={2013},
  publisher={Elsevier}, 
doi ={10.1016/j.jbtep.2012.11.005}
}
@article{greenwald95,
  title={{Implicit social cognition: Attitudes, self-esteem, and stereotypes.}},
  author={Greenwald, Anthony G and  Banaji, Mahzarin R},
  journal={Psychological Review},
  volume={102},
  number={1},
  pages={4-27}, 
  year = {1995}
}
@article{Greenwald1998,
author = {Greenwald, Anthony G and McGhee, Debbie E and Schwartz, Jordan L K},
doi = {10.1037/0022-3514.74.6.1464},
issn = {0022-3514},
journal = {Journal of Personality and Soclal Psychology},
number = {6},
pages = {1464--1480},
pmid = {9654756},
title = {{Measuring Individual Differences in Implicit Cognition: The Implicit Association Test}},
volume = {74},
year = {1998}
}
@article{greenwald2000,
  title={{Using the Implicit Association Test to measure self-esteem and self-concept.}},
  author={Greenwald, Anthony G and Farnham, Shelly D},
  journal={Journal of personality and social psychology},
  volume={79},
  number={6},
  pages={1022},
  year={2000},
  publisher={American Psychological Association}, 
doi = { 10.1037//0022-3514.79.6.1022}
}
@article{Greenwald2003,
author = {Greenwald, Anthony G and Nosek, Brian A and Banaji, Mahzarin R},
doi = {10.1037/0022-3514.85.2.197},
journal = {Journal of Personality and Social Psychology},
number = {2},
pages = {197--216},
pmid = {12916565},
title = {{Understanding and Using the Implicit Association Test: I. An Improved Scoring Algorithm}},
volume = {85},
year = {2003}
}
@article{greenwald2009,
  title={{Understanding and using the Implicit Association Test: III. Meta-analysis of predictive validity.}},
  author={Greenwald, Anthony G and Poehlman, T Andrew and Uhlmann, Eric Luis and Banaji, Mahzarin R},
  journal={Journal of Personality and Social Psychology},
  volume={97},
  number={1},
  pages={419-445},
  year={2009},
  publisher={American Psychological Association}, 
doi = {10.1037/a0015575}
}
@article{greenwald2017,
  title={{The Implicit Revolution: Reconceiving the Relation Between Conscious
and Unconscious}},
  author={Greenwald, Anthony G and Banaji, Mahzarin R},
  journal={American Psychologist},
  volume={72},
  number={9}, 
  pages={861-871},
  year={2017}, 
  doi = {10.1037/amp0000238}
}
@article{greenwald2020,
  title={{Implicit Social Cognition}},
  author={Greenwald, Anthony G and Lai, Calvin K},
  journal={Annual Review of Psychology},
  volume={71},
  year={2020}, 
  doi = {10.1146/annurev-psych-010419-050837}
}
% H
@article{houwer1994,
  title={Differences in the affective processing of words and pictures},
  author={Houwer, Jan De and Hermans, Dirk},
  journal={Cognition \& Emotion},
  volume={8},
  number={1},
  pages={1--20},
  year={1994},
  publisher={Taylor \& Francis}, 
  doi = {10.1080/02699939408408925}
}
% I
 @Manual{implicit,
    title = {{\texttt{implicitMeasures}: Computes the Scores for Different Implicit Measures}},
    author = {Ottavia M. Epifania and Pasquale Anselmi and Egidio Robusto},
    year = {2020},
    note = {R package version 0.2.0},
    url = {https://CRAN.R-project.org/package=implicitMeasures},
  }
  @article{implicitMeasures,
  doi = {10.21105/joss.02394},
  year = {2020},
  publisher = {The Open Journal},
  volume = {5},
  number = {52},
  pages = {2394},
  author = {Epifania, Ottavia M and Anselmi, Pasquale and Robusto, Egidio},
  title = {{Implicit measures with reproducible results: The \texttt{implicitMeasures} package}},
  journal = {Journal of Open Source Software}
}

@misc{inquisit3,
author =   {Computer Software},
title =    {Inquisit 3.0.6.0} ,
howpublished = {\url{https://www.millisecond.com}},
year = {2011}
}
% J 
@article{judd2012,
  title={Treating stimuli as a random factor in social psychology: A new and comprehensive solution to a pervasive but largely ignored problem.},
  author={Judd, Charles M and Westfall, Jacob and Kenny, David A},
  journal={Journal of Personality and Social Psychology},
  volume={103},
  number={1},
  pages={54-69},
  year={2012},
  publisher={American Psychological Association}, 
  doi = {10.1037/a0028347}
}
@article{judd2017,
  title={Experiments with more than one random factor: Designs, analytic models, and statistical power},
  author={Judd, Charles M and Westfall, Jacob and Kenny, David A},
  journal={Annual Review of Psychology},
  volume={68},
  pages={601--625},
  year={2017},
  publisher={Annual Reviews}, 
doi ={10.1146/annurev-psych-122414-033702}
}

% K 
@article{karpinski2006,
author = {Karpinski, Andrew and Steinman, Ross B.},
doi = {10.1037/0022-3514.91.1.16},
issn = {00223514},
journal = {Journal of Personality and Social Psychology},
keywords = {Associative processes,Implicit social cognition,Individual differences},
number = {1},
pages = {16--32},
pmid = {16834477},
title = {{The Single Category Implicit Association Test as a measure of implicit social cognition}},
volume = {91},
year = {2006}
}
@article{NLT,
author = {Shinobu Kitayama and Mayumi Rarasawa},
title ={Implicit Self-Esteem in Japan: Name Letters and Birthday Numbers},
journal = {Personality and Social Psychology Bulletin},
volume = {23},
number = {7},
pages = {736-742},
year = {1997},
doi = {10.1177/0146167297237006}
}
@article{Klauer2007,
author = {Klauer, Karl Christoph and Voss, Andreas and Schmitz, Florian and Teige-Mocigemba, Sarah},
doi = {10.1037/0022-3514.93.3.353},
journal = {Journal of Personality and Social Psychology},
keywords = {Implicit Association Test,diffusion model,implicit measures,implicit social cognition,mathematical model},
number = {3},
pages = {353--368},
pmid = {17723053},
title = {{Process Components of the Implicit Association Test: A Diffusion-Model Analysis}},
volume = {93},
year = {2007}
}
% L
@Article{lme4,
    title = {Fitting Linear Mixed-Effects Models Using lme4},
    author = {Douglas Bates and Martin M{\"a}chler and Ben Bolker and
      Steve Walker},
    journal = {Journal of Statistical Software},
    year = {2015},
    volume = {67},
    number = {1},
    pages = {1--48},
    doi = {10.18637/jss.v067.i01},
  }
@book{linacre1989,
  title = {{Many-Facet Rasch measurement}},
  author = {Linacre, John M},
   publisher ={MESA Press},
  address = {Chicago, IL},
  year = {1989},
}
@article{linacre2002,
  title={What do infit and outfit, mean-square and standardized mean},
  author={Linacre, John M},
  journal={Rasch Measurement Transactions},
  volume={16},
  number={2},
  pages={878},
  year={2002}
}
@book{lord,
  title={{Applications of Item Response Theory to practical testing problems}},
  author={Lord, Frederic M},
  year={1980},
  publisher={Routledge}, 
  address = {New York, NY}
}
% M 
@book{mc1989,
  title={Generalized linear models.},
  author={McCullagh, P and Nelder, JA},
  Publisher={Chapman \& Hall},
  address={New York},
  edition = {2},
  year={1989}
}
@article{Meissner2013,
author = {Meissner, Franziska and Rothermund, Klaus},
doi = {10.1037/a0030734},
journal = {Journal of Personality and Social Psychology},
keywords = {Associations,Attitude measure,Consumer behavior,Implicit Association Test,Multinomial processing tree model,Recoding},
number = {1},
pages = {45--69},
pmid = {23148698},
title = {{Estimating the contributions of Associations and Recoding in the Implicit Association Test: The ReAL model for the IAT}},
volume = {104},
year = {2013}
}
@article{meissner2019,
  title={Predicting Behavior With Implicit Measures: Disillusioning Findings, Reasonable Explanations, and Sophisticated Solutions},
  author={Meissner, Franziska and Grigutsch, Laura Anne and Koranyi, Nicolas and M{\"u}ller, Florian and Rothermund, Klaus},
  journal={Frontiers in Psychology},
  volume={10},
  year={2019},
  publisher={Frontiers Media SA}, 
doi = {10.3389/fpsyg.2019.02483}
}

% N
@article{nagel,
  title={A note on a general definition of the coefficient of determination},
  author={Nagelkerke, Nico JD},
  journal={Biometrika},
  volume={78},
  number={3},
  pages={691--692},
  year={1991},
  publisher={Oxford University Press}
}
@article{gnat,
  title={{The Go/No-Go Association Task}},
  author={Nosek, Brian A and Banaji, Mahzarin R},
  doi = {10.3758/BRM.42.4.944},
  journal={Social cognition},
  volume={19},
  number={6},
  pages={625--666},
  year={2001},
  publisher={Guilford Press}
}
@article{nlpt,
  title={Narcissism beyond Gestalt and awareness: The name letter effect},
  author={Nuttin Jr, Jozef M},
  journal={European Journal of Social Psychology},
  volume={15},
  number={3},
  pages={353--361},
  year={1985},
  publisher={Wiley Online Library}
}
@article{Nosek2002,
author={Nosek, Brian A and Banaji, Mahzarin R and Greenwald, Anthony G},
doi = {10.1037/1089-2699.6.1.101},
journal = {Group Dynamics},
number = {1},
pages = {101--115},
pmid = {15240},
title = {{Harvesting implicit group attitudes and beliefs from a demonstration web site}},
volume = {6},
year = {2002}
}
@article{nosek2005,
 author = {Brian A. Nosek and Anthony G. Greenwald and Mahzarin R. Banaji},
title ={{Understanding and using the Implicit Association Test: II. Method variables and construct validity}},
journal = {Personality and Social Psychology Bulletin},
volume = {31},
number = {2},
pages = {166-180},
year = {2005},
doi = {10.1177/0146167204271418}
}
@article{nosek2007,
  title={The Implicit Association Test at age 7: A methodological and conceptual review},
  author={Nosek, Brian A and Greenwald, Anthony G and Banaji, Mahzarin R},
  journal={Social psychology and the unconscious: The automaticity of higher mental processes},
  pages={265-292},
  year={2013},
  publisher={Psychology Press}
}
@article{nosek2007implicit,
  title={Implicit--explicit relations},
  author={Nosek, Brian A},
  journal={Current Directions in Psychological Science},
  volume={16},
  number={2},
  pages={65--69},
  year={2007},
  publisher={SAGE Publications Sage CA: Los Angeles, CA}
}
%0
@article{olson2004,
  title={Reducing the influence of extrapersonal associations on the Implicit Association Test: personalizing the IAT.},
  author={Olson, Michael A and Fazio, Russell H},
  journal={Journal of personality and social psychology},
  volume={86},
  number={5},
  pages={653},
  year={2004},
  publisher={American Psychological Association}, 
  doi = {10.1037/0022-3514.86.5.653}
}
@article{olson2009,
  title={Conceptualizing personal and extrapersonal associations},
  author={Olson, Michael A and Fazio, Russell H and Han, H Anna},
  journal={Social and Personality Psychology Compass},
  volume={3},
  number={2},
  pages={152--170},
  year={2009},
  publisher={Wiley Online Library}, 
  doi = {10.1111/j.1751-9004.2008.00164.x}
}

% P 
@article{pat,
  title={Assessment of implicit sexual associations in non-incarcerated pedophiles},
  author={Van Leeuwen, Matthijs L and Van Baaren, Rick B and Chakhssi, Farid and Loonen, Marijke GM and Lippman, Maarten and Dijksterhuis, Ap},
  journal={Archives of sexual behavior},
  volume={42},
  number={8},
  pages={1501--1507},
  year={2013},
 doi={10.1007/s10508-013-0094-0},
  publisher={Springer}
}
@article{payne2005,
  title={{An inkblot for attitudes: Affect misattribution as implicit measurement.}},
  author={Payne, B Keith and Cheng, Clara Michelle and Govorun, Olesya and Stewart, Brandon D},
  journal={Journal of Personality and Social Psychology},
  volume={89},
  number={3},
  pages={277},
  year={2005},
  publisher={American Psychological Association}, 
 doi = {10.1037/0022-3514.89.3.277} 
}
@article{perugini2005,
  title={Predictive models of implicit and explicit attitudes},
  author={Perugini, Marco},
  journal={British Journal of Social Psychology},
  volume={44},
  number={1},
  pages={29--45},
  year={2005},
  publisher={Wiley Online Library}, 
 doi = {10.1348/014466604X23491}
}
@article{Petoud2009,
archivePrefix = {arXiv},
arxivId = {NIHMS150003},
author = {Petoud, St{\'{e}}phane and Muller, Gilles and Moore, Evan G and Xu, Jide and Sokolnicki, Jurek and James, P and Le, Uyen N and Cohen, Seth M and Raymond, Kenneth N},
doi = {10.1021/ja064902x.Brilliant},
eprint = {NIHMS150003},
isbn = {0130149616},
issn = {1097-4164},
number = {1},
pages = {77--83},
pmid = {18922463},
title = {{NIH Public Access}},
volume = {129},
year = {2009}
}
@book{pastore,
  title={Analisi dei dati in psicologia},
  author={Pastore, Massimiliano},
  publisher={Il mulino},
  year={2015}
}
@book{pinheiro2006,
  title={{Mixed-effects models in S and S-PLUS}},
  author={Pinheiro, Jos{\'e} and Bates, Douglas},
  year={2006},
  publisher={Springer Science \& Business Media}, 
  address= {New York; New York}
}
% R
@book{rasch1960,
  title = {Probabilistic Models for some intelligence and attainment test},
  author = {Rasch, G.},
   publisher ={The University of Chicago Press},
  address = {Chicago, IL},
  year = {1960},
}
@article{Ratcliff1978,
journal = {Psychological Review},
keywords = {theory of memory retrieval {\&} application over rang},
author = {Ratcliff, Roger},
number = {2},
pages = {59--108},
pmid = {6571423},
title = {{A theory of memory retrieval}},
volume = {85},
year = {1978}
}
@article{richetin2015,
  title={Should we stop looking for a better scoring algorithm for handling Implicit Association Test data? Test of the role of errors, extreme latencies treatment, scoring formula, and practice trials on reliability and validity},
  author={Richetin, Juliette and Costantini, Giulio and Perugini, Marco and Sch{\"o}nbrodt, Felix},
  journal={PloS one},
  volume={10},
  number={6},
  pages={e0129601},
  year={2015},
  publisher={Public Library of Science}, 
  doi = {10.1371/journal.pone.0129601}
}

@article{rfiat,
  title={Minimizing the influence of recoding in the implicit association test: The recoding-free implicit association test (IAT-RF)},
  author={Rothermund, Klaus and Teige-Mocigemba, Sarah and Gast, Anne and Wentura, Dirk},
  journal={The Quarterly Journal of Experimental Psychology},
  volume={62},
  number={1},
  pages={84--98},
  year={2009},
  publisher={Taylor \& Francis},
doi = {10.1080/17470210701822975}
}
@article{raaijmakers2003,
  title={A further look at the ``language-as-fixed-effect fallacy''.},
  author={Raaijmakers, Jeroen GW},
  journal={Canadian Journal of Experimental Psychology/Revue canadienne de psychologie exp{\'e}rimentale},
  volume={57},
  number={3},
  pages={141},
  year={2003},
  publisher={Canadian Psychological Association}, 
  doi = {10.1037/h0087421}
}
@article{raaijmakers1999,
  title={How to deal with ``the language-as-fixed-effect fallacy'': Common misconceptions and alternative solutions},
  author={Raaijmakers, Jeroen GW and Schrijnemakers, Joseph MC and Gremmen, Frans},
  journal={{Journal of Memory and Language}},
  volume={41},
  number={3},
  pages={416--426},
  year={1999},
  publisher={Elsevier}, 
  doi = {10.1006/jmla.1999.2650}
}
@article{rrt,
  title={The relational responding task (RRT): a novel approach to measuring social meaning of language variation},
  author={Rosseel, Laura and Speelman, Dirk and Geeraerts, Dirk},
  journal={Linguistics Vanguard},
  volume={5},
  number={s1},
  year={2017},
  publisher={De Gruyter}
}
@book{rsoft,
  title = {{R}: A Language and Environment for Statistical Computing},
  author = {{R Core Team}},
  organization = {R Foundation for Statistical Computing},
  address = {Vienna, Austria},
  year = {2018},
  url = {https://www.R-project.org/},
}
% S
@article{saiat,
  title={Single-attribute implicit association tests (SA-IAT) for the assessment of unipolar constructs},
  author={Penke, Lars and Eichstaedt, Jan and Asendorpf, Jens B},
  journal={Experimental psychology},
  volume={53},
  number={4},
  pages={283--291},
  year={2006},
  publisher={Hogrefe \& Huber Publishers}, 
doi = {10.1027/1618-3169.53.4.283}
}
@article{sbiat,
  title={Minimizing method-specific variance in the IAT: A single block IAT},
  author={Teige-Mocigemba, Sarah and Klauer, Karl Christoph and Rothermund, Klaus},
  journal={European Journal of Psychological Assessment},
  volume={24},
  number={4},
  pages={237--245},
  year={2008},
  publisher={Hogrefe \& Huber Publishers}
}
@article{sbsciat,
  title={Indirect assessment of implicit disgust sensitivity},
  author={Zinkernagel, Axel and Hofmann, Wilhelm and Dislich, Friederike XR and Gschwendner, Tobias and Schmitt, Manfred},
  journal={European Journal of Psychological Assessment},
  year={2011},
  publisher={Hogrefe Publishing}, 
doi = {10.1027/1015-5759/a000078}
}
@article{shiffrin1977,
  title={Controlled and automatic human information processing: II. Perceptual learning, automatic attending and a general theory.},
  author={Shiffrin, Richard M and Schneider, Walter},
  journal={Psychological review},
  volume={84},
  number={2},
  pages={127},
  year={1977},
  publisher={American Psychological Association}
}
@article{stefanutti2013,
  title={{A Discrimination--Association Model for decomposing component processes of the Implicit Association Test}},
  author={Stefanutti, Luca and Robusto, Egidio and Vianello, Michelangelo and Anselmi, Pasquale},
  doi = {10.3758/s13428-012-0272-3},
  journal={Behavior Research Methods},
  volume={45},
  number={2},
  pages={393--404},
  year={2013},
  publisher={Springer}
}
@article{strack2004,
  title={Reflective and impulsive determinants of social behavior},
  author={Strack, Fritz and Deutsch, Roland},
  journal={Personality and Social Psychology Review},
  volume={8},
  number={3},
  pages={220--247},
  year={2004},
  publisher={Sage Publications Sage CA: Los Angeles, CA}
}
% T
@Article{tm,
    title = {Text Mining Infrastructure in R},
    author = {Ingo Feinerer and Kurt Hornik and David Meyer},
    year = {2008},
    journal = {Journal of Statistical Software},
    volume = {25},
    number = {5},
    pages = {1--54},
    url = {http://www.jstatsoft.org/v25/i05/},
    month = {March},
  }
@article{tmp,
  title={An inkblot for beliefs: The Truth Misattribution Procedure},
  author={Cummins, Jamie and De Houwer, Jan},
  journal={PloS one},
  volume={14},
  number={6},
  pages={e0218661},
  year={2019},
  publisher={Public Library of Science}
}
@incollection{thissen,
  title={{Timed testing: An approach using item response theory}},
  author={Thissen, David},
  booktitle={New horizons in testing: Latent trait test theory and computerized adaptive testing},
  pages={179--203},
  year={1983},
  publisher={Elsevier}, 
   address =  {New York; New York}
}
% V
@article{van2006,
  title={A lognormal model for response times on test items},
  author={van der Linden, Wim J.},
  journal={Journal of Educational and Behavioral Statistics},
  volume={31},
  number={2},
  pages={181--204},
  year={2006},
doi = {10.3102/10769986031002181},
  publisher={Sage Publications Sage CA: Los Angeles, CA}
}
@article{VanDerLinden2007,
author = {van der Linden, Wim J.},
doi = {10.1007/s11336-006-1478-z},
journal = {Psychometrika},
keywords = {Gibbs sampler,Markov chain Monte Carlo estimation,hierarchical modeling,item-response theory,response times.,speed-accuracy tradeoff},
number = {3},
pages = {287--308},
title = {{A hierarchical framework for modelling speed and accuracy}},
volume = {72},
year = {2007}
}
@article{VanDerLinden2009,
author = {van der Linden, Wim J.},
doi = {10.1111/j.1745-3984.2009.00080.x},
journal = {Journal of Educational Measurement},
number = {3},
pages = {247--272},
title = {{Conceptual issues in response-time modeling}},
volume = {46},
year = {2009}
}
@article{vanDon2010,
  title={Does the name-race Implicit Association Test measure racial prejudice?},
  author={van Ravenzwaaij, Don and van der Maas, Han LJ and Wagenmakers, Eric-Jan},
  journal={Experimental Psychology},
  year={2010},
  publisher={Hogrefe Publishing}
}
@article{vianello2010many,
  title={{The Many-Facet Rasch Model in the analysis of the Go/No-Go association task}},
  author={Vianello, Michelangelo and Robusto, Egidio},
 doi={10.3758/BRM.42.4.944},
  journal={Behavior research methods},
  volume={42},
  number={4},
  pages={944--956},
  year={2010},
  publisher={Springer}
}
@article{Voss2004,
author = {Voss, Andreas and Rothermund, Klaus and Voss, Jochen},
doi = {10.3758/BF03196893},
journal = {Memory {\&} Cognition},
number = {7},
pages = {1206--1220},
pmid = {15813501},
title = {{Interpreting the parameters of the diffusion model: An empirical validation}},
url = {http://www.springerlink.com/index/10.3758/BF03196893},
volume = {32},
year = {2004}
}
% W
@article{stiat,
  title={Single target implicit associations},
  author={Wigboldus, D. H. J. and Holland, R. W. and van Knippenberg, A.},
  journal={Unpublished manuscript},
  year={2004}
}
@article{Westfall2014,
author = {Westfall, Jacob and Kenny, David A and Judd, Charles M},
doi = {10.1037/xge0000014},
journal = {Journal of Experimental Psychology. General},
keywords = {experimental design,mixed models,optimal design,statistical power,stimulus sampling},
number = {5},
title = {{Statistical power and optimal design in experiments in which samples of participants respond to samples of stimuli}},
volume = {143},
year = {2014}
}
@Book{ggplot2,
    author = {Hadley Wickham},
    title = {{ggplot2: Elegant Graphics for Data Analysis}},
    publisher = {Springer-Verlag New York},
    year = {2016},
    isbn = {978-3-319-24277-4},
    url = {https://ggplot2.tidyverse.org},
  }
@article{wilson2000model,
  title={A model of dual attitudes.},
  author={Wilson, Timothy D and Lindsey, Samuel and Schooler, Tonya Y},
  journal={Psychological Review},
  volume={107},
  number={1},
  pages={101},
  year={2000},
  publisher={American Psychological Association}, 
doi = {10.1037//0033-295X.107.1.101}
}
@misc{wrt,
  title={Acceptance and commitment therapy: an experiential approach to behavior change.},
  author={Strosahl, K and Wilson, KG},
  year={1999},
  publisher={Guilford Press},
 address = {New York; New York}
}
@article{wols2017,
  title={Modeling stimulus variation in three common implicit attitude tasks},
  author={Wolsiefer, Katie and Westfall, Jacob and Judd, Charles M},
  journal={Behavior Research Methods},
  volume={49},
  number={4},
  pages={1193--1209},
  year={2017},
  publisher={Springer}
}
@article{wright1997,
  title={A history of social science measurement},
  author={Wright, Benjamin D},
  journal={{Educational measurement: Issues and practice}},
  volume={16},
  number={4},
  pages={33--45},
  year={1997},
  publisher={Wiley Online Library}
}
@book{wright1979,
  title={Best Test Design},
subtitle ={Rasch Measurement},
  author={Wright, Benjamin D and Stone, Mark H},
  Publisher={MESA Press},
  year={1979},
  address =  {Chicago; Illinois}
}
 @Manual{wordcloud,
    title = {wordcloud: Word Clouds},
    author = {Ian Fellows},
    year = {2018},
    note = {R package version 2.6},
    url = {https://CRAN.R-project.org/package=wordcloud},
  }
% Z
@article{zog,
  title={{La misurazione di costrutti impliciti attraverso l’Implicit Association Test}},
  author={Zogmaister, Cristina and Castelli, Luigi},
  journal={Psicologia Sociale},
  volume={1},
  pages={65--94},
  year={2006}
}
%% example papers %%%%
@article{chevance2018,
  title={Interaction between self-regulation, intentions and implicit attitudes in the prediction of physical activity among persons with obesity.},
  author={Chevance, Guillaume and Stephan, Yannick and H{\'e}raud, Nelly and Boich{\'e}, Julie},
  journal={Health Psychology},
  volume={37},
  number={3},
  pages={257},
  year={2018},
doi = {10.1016/j.psychsport.2017.04.007},
  publisher={American Psychological Association}
}
@article{ueda,
author={Ueda, R. and Yanagisawa, K. and Ashida, H. and Abe, N.},
title={Implicit attitudes and executive control interact to regulate interest in extra-pair relationships},
journal={Cognitive, Affective and Behavioral Neuroscience},
year={2017},
volume={17},
number={6},
pages={1210-1220},
doi={10.3758/s13415-017-0543-7}
}
@article{yang2017,
author={Yang, Q. and Zhao, Y. and Guan, L. and Huang, X.},
title={Implicit attitudes toward the self over time in Chinese undergraduates},
journal={Frontiers in Psychology},
year={2017},
volume={8},
number={OCT},
doi={10.3389/fpsyg.2017.01914}
}
% personality 
@article{personality,
author={Vecchione, M. and Dentale, F. and Alessandri, G. and Imbesi, M.T. and Barbaranelli, C. and Schnabel, K.},
title={{On the applicability of the Big Five Implicit Association Test in organizational settings}},
journal={Current Psychology},
year={2016},
pages={1-10},
doi={10.1007/s12144-016-9455-x}
}
% esteem 
@article{esteem,
author={Van Tuijl, L.A. and Glashouwer, K.A. and Bockting, C.L.H. and Tendeiro, J.N. and Penninx, B.W.J.H. and De Jong, P.J.},
title={{Implicit and explicit self-esteem in current, remitted, recovered, and comorbid depression and anxiety disorders: The NESDA study}},
journal={PLoS ONE},
year={2016},
volume={11},
number={11},
doi={10.1371/journal.pone.0166116}
}
%emo 
@article{emo,
author={Riediger, M. and Wrzus, C. and Wagner, G.G.},
title={Happiness is pleasant, or is it? Implicit representations of affect valence are associated with contrahedonic motivation and mixed affect in daily life},
journal={Emotion (Washington, D.C.)},
year={2014},
volume={14},
number={5},
pages={950-961},
doi={10.1037/a0037711}
}
%addiction
@article{addiction,
author={Tatnell, D.G. and Loxton, N.J. and Modecki, K.L. and Hamilton, K.},
title={Testing a model of reward sensitivity, implicit and explicit drinker identity and hazardous drinking},
journal={Psychology and Health},
year={2019},
doi={10.1080/08870446.2019.1606221}
}
%perception
@article{perception,
author={Wu, Y. and Lu, J. and van Dijk, E. and Li, H. and Schnall, S.},
title={The color red is implicitly associated with social status in the United Kingdom and China},
journal={Frontiers in Psychology},
year={2018},
volume={9},
number={OCT},
doi={10.3389/fpsyg.2018.01902}
}
% social gender general 
@article{anselmi2015,
  title={Implicit and explicit sexual attitudes across genders and sexual orientations},
  author={Anselmi, Pasquale and Voci, Alberto and Vianello, Michelangelo and Robusto, Egidio},
  journal={Journal of Bisexuality},
  volume={15},
  number={1},
  pages={40--56},
  year={2015},
  publisher={Taylor \& Francis}, 
doi = {10.1080/15299716.2014.986597}
}
%social hospital personnel
@article{socialhosp,
author={Zeidan, A.J. and Khatri, U.G. and Aysola, J. and Shofer, F.S. and Mamtani, M. and Scott, K.R. and Conlon, L.W. and Lopez, B.L.},
title={Implicit Bias Education and Emergency Medicine Training: Step One? Awareness},
journal={AEM Education and Training},
year={2019},
volume={3},
number={1},
pages={81-85},
doi={10.1002/aet2.10124}
}
% island arc tholeiites
@article{island,
  title={Neoarchaean subduction tectonics in Western Shandong Province, China: Evidence from geochemistry and zircon U--Pb--Hf isotopes of metabasalts},
  author={Yang, Lihui and Hou, Guiting and Gao, Lei and Liu, Shuwen},
  journal={Geological Journal},
  year={2019},
doi={10.1002/gj.3605},
  publisher={Wiley Online Library}
}
% intra-arterial thrombectomy
@article{intra,
  title={Intra-arterial thrombectomy for acute ischaemic stroke patients with active cancer},
  author={Lee, Dongwhane and Lee, Deok Hee and Suh, Dae Chul and Kwon, Hyuk Sung and Jeong, Da-Eun and Kim, Joong-Goo and Lee, Ji-Sung and Kim, Jong S and Kang, Dong-Wha and Jeon, Sang-Beom},
  journal={Journal of neurology},
  pages={1--8},
  year={2019},
doi={10.1007/s00415-019-09416-8},
  publisher={Springer}
}
% internet addiction test
@article{internet,
  title={Do Attachment Styles and Family Functioning Predict Adolescents’ Problematic Internet Use? A Relative Weight Analysis},
  author={Cacioppo, Marco and Barni, Daniela and Correale, Cinzia and Mangialavori, Sonia and Danioni, Francesca and Gori, Alessio},
  journal={Journal of Child and Family Studies},
  volume={28},
  number={5},
  pages={1263--1271},
  year={2019},
doi ={10.1007/s10826-019-01357-0},
  publisher={Springer}
}
%gendering of number
@article{gendernumber,
  title={The numerology of gender: Gendered perceptions of even and odd numbers},
  author={Wilkie, James EB and Bodenhausen, Galen V},
  journal={Frontiers in psychology},
  volume={6},
  pages={810},
  year={2015},
doi={10.3389/fpsyg.2015.00810},
  publisher={Frontiers}
}
%work stress
@article{workstress,
  title={Do waking salivary cortisol levels correlate with anesthesiologist’s job involvement?},
  author={Klein, Moti and Weksler, Natan and Gidron, Yori and Heldman, Eliyahu and Gurski, Eugen and Smith, Otto Robert F and Gurman, Gabriel M},
  journal={Journal of Clinical Monitoring and Computing},
  volume={26},
  number={6},
  pages={407--413},
  year={2012},
doi = {10.1007/s10877-012-9367-8},
  publisher={Springer}
}
% romantic attachment
@article{romantic,
  title={Do automatic reactions elicited by thoughts of romantic partner, mother, and self relate to adult romantic attachment?},
  author={Zayas, Vivian and Shoda, Yuichi},
  journal={Personality and Social Psychology Bulletin},
  volume={31},
  number={8},
  pages={1011--1025},
  year={2005},
doi={10.1177/0146167204274100},
  publisher={Sage Publications Sage CA: Thousand Oaks, CA}
}
%R packages for the IAT 
@book{iat,
    title = {{IAT: Cleaning and Visualizing Implicit Association Test (IAT) Data}},
    author = {Dan Martin},
    year = {2016},
    note = {R package version 0.3},
    url = {https://CRAN.R-project.org/package=IAT},
  }
 @book{iatanalytics,
    title = {{IATanalytics: Compute Effect Sizes and Reliability for Implicit Association
Test (IAT) Data}},
    author = {Daniel Storage},
    year = {2018},
    note = {R package version 0.1.1},
    url = {https://CRAN.R-project.org/package=IATanalytics},
  }
  
@book{iatscore,
    title = {{IATScore: Scoring Algorithm for the Implicit Association Test (IAT)}},
    author = {Daniel Storage},
    year = {2018},
    note = {R package version 0.1.1},
    url = {https://CRAN.R-project.org/package=IATScore},
  }
@book{iatscores,
    title = {{Implicit Association Test Scores Using Robust Statistics}},
    author = {Giulio Costantini},
    year = {2018},
    note = {R package version 0.2.1},
    url = {https://CRAN.R-project.org/package=IATscores},
  }
  @book{shiny,
    title = {{shiny: Web Application Framework for R}},
    author = {Winston Chang and Joe Cheng and JJ Allaire and Yihui Xie and Jonathan McPherson},
    year = {2018},
    note = {R package version 1.2.0},
    url = {https://CRAN.R-project.org/package=shiny},
  }
  @book{shinyjs,
    title = {{shinyjs: Easily Improve the User Experience of Your Shiny Apps in Seconds}},
    author = {Dean Attali},
    year = {2018},
    note = {R package version 1.0},
    url = {https://CRAN.R-project.org/package=shinyjs},
  }
@article{selfesteemME,
  title={{Agentic to the core? Facets of narcissism and positive implicit self-views in the agentic domain}},
  author={Fatfouta, Ramzi and Schr{\"o}der-Ab{\'e}, Michela},
  journal={Journal of Research in Personality},
  volume={74},
  pages={78--82},
  year={2018},
  publisher={Elsevier}, 
 doi = {10.1016/j.jrp.2018.02.006}
}
@article{selfesteemOther,
  title={On the context dependency of implicit self-esteem in social anxiety disorder},
  author={Hiller, Thomas S and Steffens, Melanie C and Ritter, Viktoria and Stangier, Ulrich},
  journal={Journal of Behavior Therapy and Experimental Psychiatry},
  volume={57},
  pages={118--125},
  year={2017},
  publisher={Elsevier}, 
doi = {10.1016/j.jbtep.2017.05.005}
}
@article{fiedler2006,
  title={{Unresolved problems with the ``I'', the ``A'', and the ``T'': A logical and psychometric critique of the Implicit Association Test (IAT)}},
  author={Fiedler, Klaus and Messner, Claude and Bluemke, Matthias},
  journal={European Review of Social Psychology},
  volume={17},
  number={1},
  pages={74--147},
  year={2006},
  publisher={Taylor \& Francis}, 
doi ={10.1080/10463280600681248}
}
\end{filecontents}


